[
	{
		"leader":"",
		"fields":
		[
			{
				"001":
				{
					"ind1":"#",
					"ind2":"#",
					"subfields":
					[
						{
							"7":"ba"
						},
						{
							"a":"i"
						},
						{
							"b":"a"
						},
						{
							"c":"m"
						},
						{
							"d":"a"
						},
						{
							"e":"6172"
						}
					]
				}
			},
			{
				"100":
				{
					"ind1":"#",
					"ind2":"#",
					"subfields":
					[
						{
							"b":"d"
						},
						{
							"c":"1941"
						},
						{
							"h":"scr"
						}
					]
				}
			},
			{
				"101":
				{
					"ind1":"0",
					"ind2":"#",
					"subfields":
					[
						{
							"a":"eng"
						}
					]
				}
			},
			{
				"102":
				{
					"ind1":"#",
					"ind2":"#",
					"subfields":
					[
						{
							"a":"usa"
						}
					]
				}
			},
			{
				"200":
				{
					"ind1":"0",
					"ind2":"#",
					"subfields":
					[
						{
							"a":"The Calculi of Lambda-Conversion"
						},
						{
							"e":"Alonzo Church"
						}
					]
				}
			},
			{
				"210":
				{
					"ind1":"#",
					"ind2":"#",
					"subfields":
					[
						{
							"a":"Princeton"
						},
						{
							"c":"Princeton University"
						},
						{
							"d":"1941"
						}
					]
				}
			},
			{
				"215":
				{
					"ind1":"#",
					"ind2":"#",
					"subfields":
					[
						{
							"a":"2+82 str."
						},
						{
							"d":"25 cm"
						}
					]
				}
			},
			{
				"225":
				{
					"ind1":"#",
					"ind2":"#",
					"subfields":
					[
						{
							"a":"Annals of Mathematics Studies"
						},
						{
							"v":"6"
						}
					]
				}
			},
			{
				"610":
				{
					"ind1":"#",
					"ind2":"#",
					"subfields":
					[
						{
							"a":"Verovatnoca i statistika"
						}
					]
				}
			},
			{
				"675":
				{
					"ind1":"#",
					"ind2":"#",
					"subfields":
					[
						{
							"a":"519.2"
						}
					]
				}
			},
			{
				"700":
				{
					"ind1":"#",
					"ind2":"1",
					"subfields":
					[
						{
							"4":"070"
						},
						{
							"a":"Church"
						},
						{
							"b":"Alonzo"
						}
					]
				}
			},
			{
				"992":
				{
					"ind1":"#",
					"ind2":"#",
					"subfields":
					[
						{
							"b":"cralex9702-old-l02"
						}
					]
				}
			}
		]
	}
]